@book{parr1994density,
  title={Density-functional theory of atoms and molecules},
  author={Parr, R.G. and Yang, W.},
  isbn={9780195092769},
  lccn={lc88025157},
  series={International series of monographs on chemistry},
  url={http://books.google.no/books?id=mGOpScSIwU4C},
  year={1994},
  publisher={Oxford University Press}
}

