%% Created using Papers on Fri, 10 Mar 2017.
%% http://papersapp.com/papers/

@article{Tomasi:2005ipa,
author = {Tomasi, Jacopo and Mennucci, Benedetta and Cammi, Roberto},
title = {{Quantum mechanical continuum solvation models.}},
journal = {Chem Rev},
year = {2005},
volume = {105},
number = {8},
pages = {2999--3093},
month = aug,
affiliation = {Dipartimento di Chimica e Chimica Industriale, Universit{\`a} di Pisa, Via Risorgimento 35, 56126 Pisa, Italy. tomasi@dcci.unipi.it},
doi = {10.1021/cr9904009},
pmid = {16092826},
language = {English},
read = {Yes},
rating = {0},
date-added = {2010-07-15T15:37:37GMT},
date-modified = {2017-03-10T09:19:31GMT},
url = {http://eutils.ncbi.nlm.nih.gov/entrez/eutils/elink.fcgi?dbfrom=pubmed&id=16092826&retmode=ref&cmd=prlinks},
local-url = {file://localhost/Users/luca/Papers2/Articles/2005/Tomasi/Chem%20Rev%202005%20Tomasi.pdf},
file = {{Chem Rev 2005 Tomasi.pdf:/Users/luca/Papers2/Articles/2005/Tomasi/Chem Rev 2005 Tomasi.pdf:application/pdf;Chem Rev 2005 Tomasi.pdf:/Users/luca/Papers2/Articles/2005/Tomasi/Chem Rev 2005 Tomasi.pdf:application/pdf}},
uri = {\url{papers2://publication/doi/10.1021/cr9904009}}
}

@article{FossoTande:2013wv,
author = {Fosso-Tande, J and Harrison, R J},
title = {{Confinement effects of solvation on a molecule physisorbed on a polarizable continuum particle}},
journal = {Computational and Theoretical Chemistry},
year = {2013},
read = {Yes},
rating = {0},
date-added = {2016-11-02T12:00:12GMT},
date-modified = {2017-03-10T09:19:40GMT},
abstract = {Abstract We investigate the effects of solvation on the static properties of a molecule physisorbed on a spherical polarizable continuum particle, with a static dielectric constant. The effective polarizability of the physisorbed molecule is enhanced by a factor of 10 5 in ...
},
url = {http://www.sciencedirect.com/science/article/pii/S2210271X13001886},
local-url = {file://localhost/Users/luca/Papers2/Articles/2013/Fosso-Tande/Computational%20and%20Theoretical%20Chemistry%202013%20Fosso-Tande.pdf},
file = {{Computational and Theoretical Chemistry 2013 Fosso-Tande.pdf:/Users/luca/Papers2/Articles/2013/Fosso-Tande/Computational and Theoretical Chemistry 2013 Fosso-Tande.pdf:application/pdf}},
uri = {\url{papers2://publication/uuid/FA3ADAFB-07CB-43DD-97AC-D3AC66C3BE7E}}
}

@article{FossoTande:2013ka,
author = {Fosso-Tande, Jacob and Harrison, Robert J},
title = {{Implicit Solvation Models in a Multiresolution Multiwavelet Basis}},
journal = {Chem Phys Lett},
year = {2013},
pages = {1--16},
month = feb,
doi = {10.1016/j.cplett.2013.01.065},
read = {Yes},
rating = {0},
date-added = {2013-02-11T09:39:27GMT},
date-modified = {2017-03-10T09:19:40GMT},
abstract = {CHEMICAL PHYSICS LETTERS, doi:10.1016/j.cplett.2013.01.065},
url = {http://dx.doi.org/10.1016/j.cplett.2013.01.065},
local-url = {file://localhost/Users/luca/Papers2/Articles/2013/Fosso-Tande/Chem%20Phys%20Lett%202013%20Fosso-Tande.pdf},
file = {{Chem Phys Lett 2013 Fosso-Tande.pdf:/Users/luca/Papers2/Articles/2013/Fosso-Tande/Chem Phys Lett 2013 Fosso-Tande.pdf:application/pdf;Chem Phys Lett 2013 Fosso-Tande.pdf:/Users/luca/Papers2/Articles/2013/Fosso-Tande/Chem Phys Lett 2013 Fosso-Tande.pdf:application/pdf}},
uri = {\url{papers2://publication/livfe/id/d0e65677-2454-4bcd-bf64-ce02d041154e}}
}

@article{Harrison:2004vua,
author = {Harrison, RJ and Fann, GI and Yanai, T and Gan, Z and Beylkin, G},
title = {{Multiresolution quantum chemistry: Basic theory and initial applications}},
journal = {J Chem Phys},
year = {2004},
volume = {121},
pages = {11587},
pmid = {15634124},
read = {Yes},
rating = {0},
date-added = {2010-07-14T12:42:50GMT},
date-modified = {2017-03-10T09:20:30GMT},
url = {http://eutils.ncbi.nlm.nih.gov/entrez/eutils/elink.fcgi?dbfrom=pubmed&id=15634124&retmode=ref&cmd=prlinks},
local-url = {file://localhost/Users/luca/Papers2/Articles/2004/Harrison/J%20Chem%20Phys%202004%20Harrison.pdf},
file = {{J Chem Phys 2004 Harrison.pdf:/Users/luca/Papers2/Articles/2004/Harrison/J Chem Phys 2004 Harrison.pdf:application/pdf}},
uri = {\url{papers2://publication/livfe/id/f2e5c111-11f1-49fa-ab85-024bf4adcea9}}
}

@article{Tomasi:1994wt,
author = {Tomasi, Jacopo and Persico, Maurizio},
title = {{Molecular Interactions in Solution: An Overview of Methods Based on Continuous Distributions of the Solvent}},
journal = {Chem Rev},
year = {1994},
volume = {94},
number = {7},
pages = {2027--2094},
month = nov,
doi = {10.1021/cr00031a013},
language = {English},
read = {Yes},
rating = {0},
date-added = {2010-07-15T15:47:11GMT},
date-modified = {2017-03-10T09:19:31GMT},
url = {http://pubs.acs.org/doi/abs/10.1021/cr00031a013},
local-url = {file://localhost/Users/luca/Papers2/Articles/1994/Tomasi/Chem%20Rev%201994%20Tomasi.pdf},
file = {{Chem Rev 1994 Tomasi.pdf:/Users/luca/Papers2/Articles/1994/Tomasi/Chem Rev 1994 Tomasi.pdf:application/pdf;Chem Rev 1994 Tomasi.pdf:/Users/luca/Papers2/Articles/1994/Tomasi/Chem Rev 1994 Tomasi.pdf:application/pdf}},
uri = {\url{papers2://publication/doi/10.1021/cr00031a013}}
}

@article{Jensen:2013cr,
author = {Jensen, Frank},
title = {{Atomic orbital basis sets}},
journal = {WIREs Comput Mol Sci},
year = {2013},
volume = {3},
number = {3},
pages = {273--295},
publisher = {John Wiley {\&} Sons, Inc.},
doi = {10.1002/wcms.1123},
language = {English},
read = {Yes},
rating = {0},
date-added = {2017-02-17T16:06:45GMT},
date-modified = {2017-02-20T08:32:39GMT},
abstract = {Abstract Electronic structure methods for molecular systems rely heavily on using basis sets composed of Gaussian functions for representing the molecular orbitals. A number of hierarchical basis sets have been proposed over the last two decades, and they have 
},
url = {http://onlinelibrary.wiley.com/doi/10.1002/wcms.1123/full},
local-url = {file://localhost/Users/luca/Papers2/Articles/2013/Jensen/WIREs%20Comput%20Mol%20Sci%202013%20Jensen.pdf},
file = {{WIREs Comput Mol Sci 2013 Jensen.pdf:/Users/luca/Papers2/Articles/2013/Jensen/WIREs Comput Mol Sci 2013 Jensen.pdf:application/pdf}},
uri = {\url{papers2://publication/doi/10.1002/wcms.1123}}
}

@article{Cances:1998vh,
author = {Cances, E and Mennucci, B},
title = {{New applications of integral equations methods for solvation continuum models: ionic solutions and liquid crystals}},
journal = {J Math Chem},
year = {1998},
volume = {23},
number = {3-4},
pages = {309--326},
affiliation = {Ecole Natl Ponts {\&} Chaussees, CERMICS, F-77455 Marne La Vallee 2, France},
language = {English},
read = {Yes},
rating = {0},
date-added = {2010-09-28T13:35:59GMT},
date-modified = {2017-03-10T09:58:39GMT},
abstract = {We present a new method for solving numerically the equations associated with solvation continuum models, which also works when the solvent is an anisotropic dielectric or an ionic solution. This method is based on the integral equation formalism, Its theoretical background is set up and some numerical results for simple systems are given. This method is much more effective than three-dimensional methods used so far, like finite elements or finite differences, in terms of both numerical accuracy and computational costs.},
url = {http://apps.isiknowledge.com/InboundService.do?product=WOS&action=retrieve&SrcApp=Papers&UT=000075228900004&SID=X19CblMGb6DmmOBJdDG&SrcAuth=mekentosj&mode=FullRecord&customersID=mekentosj&DestFail=http%3A%2F%2Faccess.isiproducts.com%2Fcustom_images%2Fwok_failed_auth.html},
local-url = {file://localhost/Users/luca/Papers2/Articles/1998/Cances/J%20Math%20Chem%201998%20Cances.pdf},
file = {{J Math Chem 1998 Cances.pdf:/Users/luca/Papers2/Articles/1998/Cances/J Math Chem 1998 Cances.pdf:application/pdf}},
uri = {\url{papers2://publication/uuid/217D3FB5-AA15-4440-BECB-93EBC9A77A0E}}
}

