%% Created using Papers on Fri, 10 Mar 2017.
%% http://papersapp.com/papers/

@article{Lipparini:2010bg,
author = {Lipparini, Filippo and Scalmani, Giovanni and Mennucci, Benedetta and Canc{\`e}s, Eric and Caricato, Marco and Frisch, Michael J},
title = {{A variational formulation of the polarizable continuum model.}},
journal = {J Chem Phys},
year = {2010},
volume = {133},
number = {1},
pages = {014106},
month = jul,
affiliation = {Scuola Normale Superiore, Piazza dei Cavalieri 7, 56126 Pisa, Italy. f.lipparini@sns.it},
doi = {10.1063/1.3454683},
pmid = {20614958},
language = {English},
read = {Yes},
rating = {0},
date-added = {2013-05-14T07:42:22GMT},
date-modified = {2017-08-31T07:11:24GMT},
abstract = {Continuum solvation models are widely used to accurately estimate solvent effects on energy, structural and spectroscopic properties of complex molecular systems. The polarizable continuum model (PCM) is one of the most versatile among the continuum models because of the variety of properties that can be computed and the diversity of methods that can be used to describe the solute from molecular mechanics (MM) to sophisticated quantum mechanical (QM) post-self-consistent field methods or even hybrid QM/MM methods. In this contribution, we present a new formulation of PCM in terms of a free energy functional whose variational parameters include the continuum polarization (represented by the apparent surface charges), the solute's atomic coordinates and-possibly-its electronic density. The problem of finding the optimized geometry of the (polarized) solute, with the corresponding self-consistent reaction field, is recast as the minimization of this free energy functional, simultaneously with respect to all its variables. The numerous potential applications of this variational formulation of PCM are discussed, including simultaneous optimization of solute's geometry and polarization charges and extended Lagrangian dynamics. In particular, we describe in details the simultaneous optimization procedure and we include several numerical examples.},
url = {http://eutils.ncbi.nlm.nih.gov/entrez/eutils/elink.fcgi?dbfrom=pubmed&id=20614958&retmode=ref&cmd=prlinks},
local-url = {file://localhost/Users/luca/Papers2/Articles/2010/Lipparini/J%20Chem%20Phys%202010%20Lipparini.pdf},
file = {{J Chem Phys 2010 Lipparini.pdf:/Users/luca/Papers2/Articles/2010/Lipparini/J Chem Phys 2010 Lipparini.pdf:application/pdf}},
uri = {\url{papers2://publication/doi/10.1063/1.3454683}}
}

@article{Tomasi:2005ipa,
author = {Tomasi, Jacopo and Mennucci, Benedetta and Cammi, Roberto},
title = {{Quantum mechanical continuum solvation models.}},
journal = {Chem Rev},
year = {2005},
volume = {105},
number = {8},
pages = {2999--3093},
month = aug,
affiliation = {Dipartimento di Chimica e Chimica Industriale, Universit{\`a} di Pisa, Via Risorgimento 35, 56126 Pisa, Italy. tomasi@dcci.unipi.it},
doi = {10.1021/cr9904009},
pmid = {16092826},
language = {English},
read = {Yes},
rating = {0},
date-added = {2010-07-15T15:37:37GMT},
date-modified = {2017-03-10T09:19:31GMT},
url = {http://eutils.ncbi.nlm.nih.gov/entrez/eutils/elink.fcgi?dbfrom=pubmed&id=16092826&retmode=ref&cmd=prlinks},
local-url = {file://localhost/Users/luca/Papers2/Articles/2005/Tomasi/Chem%20Rev%202005%20Tomasi.pdf},
file = {{Chem Rev 2005 Tomasi.pdf:/Users/luca/Papers2/Articles/2005/Tomasi/Chem Rev 2005 Tomasi.pdf:application/pdf;Chem Rev 2005 Tomasi.pdf:/Users/luca/Papers2/Articles/2005/Tomasi/Chem Rev 2005 Tomasi.pdf:application/pdf}},
uri = {\url{papers2://publication/doi/10.1021/cr9904009}}
}

@article{FossoTande:2013wv,
author = {Fosso-Tande, J and Harrison, R J},
title = {{Confinement effects of solvation on a molecule physisorbed on a polarizable continuum particle}},
journal = {Computational and Theoretical Chemistry},
year = {2013},
read = {Yes},
rating = {0},
date-added = {2016-11-02T12:00:12GMT},
date-modified = {2017-03-10T09:19:40GMT},
abstract = {Abstract We investigate the effects of solvation on the static properties of a molecule physisorbed on a spherical polarizable continuum particle, with a static dielectric constant. The effective polarizability of the physisorbed molecule is enhanced by a factor of 10 5 in ...
},
url = {http://www.sciencedirect.com/science/article/pii/S2210271X13001886},
local-url = {file://localhost/Users/luca/Papers2/Articles/2013/Fosso-Tande/Computational%20and%20Theoretical%20Chemistry%202013%20Fosso-Tande.pdf},
file = {{Computational and Theoretical Chemistry 2013 Fosso-Tande.pdf:/Users/luca/Papers2/Articles/2013/Fosso-Tande/Computational and Theoretical Chemistry 2013 Fosso-Tande.pdf:application/pdf}},
uri = {\url{papers2://publication/uuid/FA3ADAFB-07CB-43DD-97AC-D3AC66C3BE7E}}
}

@article{FossoTande:2013ka,
author = {Fosso-Tande, Jacob and Harrison, Robert J},
title = {{Implicit Solvation Models in a Multiresolution Multiwavelet Basis}},
journal = {Chem Phys Lett},
year = {2013},
pages = {1--16},
month = feb,
doi = {10.1016/j.cplett.2013.01.065},
read = {Yes},
rating = {0},
date-added = {2013-02-11T09:39:27GMT},
date-modified = {2017-03-10T09:19:40GMT},
abstract = {CHEMICAL PHYSICS LETTERS, doi:10.1016/j.cplett.2013.01.065},
url = {http://dx.doi.org/10.1016/j.cplett.2013.01.065},
local-url = {file://localhost/Users/luca/Papers2/Articles/2013/Fosso-Tande/Chem%20Phys%20Lett%202013%20Fosso-Tande.pdf},
file = {{Chem Phys Lett 2013 Fosso-Tande.pdf:/Users/luca/Papers2/Articles/2013/Fosso-Tande/Chem Phys Lett 2013 Fosso-Tande.pdf:application/pdf;Chem Phys Lett 2013 Fosso-Tande.pdf:/Users/luca/Papers2/Articles/2013/Fosso-Tande/Chem Phys Lett 2013 Fosso-Tande.pdf:application/pdf}},
uri = {\url{papers2://publication/livfe/id/d0e65677-2454-4bcd-bf64-ce02d041154e}}
}

@article{Harrison:2004vua,
author = {Harrison, RJ and Fann, GI and Yanai, T and Gan, Z and Beylkin, G},
title = {{Multiresolution quantum chemistry: Basic theory and initial applications}},
journal = {J Chem Phys},
year = {2004},
volume = {121},
pages = {11587},
pmid = {15634124},
read = {Yes},
rating = {0},
date-added = {2010-07-14T12:42:50GMT},
date-modified = {2017-03-10T09:20:30GMT},
url = {http://eutils.ncbi.nlm.nih.gov/entrez/eutils/elink.fcgi?dbfrom=pubmed&id=15634124&retmode=ref&cmd=prlinks},
local-url = {file://localhost/Users/luca/Papers2/Articles/2004/Harrison/J%20Chem%20Phys%202004%20Harrison.pdf},
file = {{J Chem Phys 2004 Harrison.pdf:/Users/luca/Papers2/Articles/2004/Harrison/J Chem Phys 2004 Harrison.pdf:application/pdf}},
uri = {\url{papers2://publication/livfe/id/f2e5c111-11f1-49fa-ab85-024bf4adcea9}}
}

@article{Tomasi:1994wt,
author = {Tomasi, Jacopo and Persico, Maurizio},
title = {{Molecular Interactions in Solution: An Overview of Methods Based on Continuous Distributions of the Solvent}},
journal = {Chem Rev},
year = {1994},
volume = {94},
number = {7},
pages = {2027--2094},
month = nov,
doi = {10.1021/cr00031a013},
language = {English},
read = {Yes},
rating = {0},
date-added = {2010-07-15T15:47:11GMT},
date-modified = {2017-03-10T09:19:31GMT},
url = {http://pubs.acs.org/doi/abs/10.1021/cr00031a013},
local-url = {file://localhost/Users/luca/Papers2/Articles/1994/Tomasi/Chem%20Rev%201994%20Tomasi.pdf},
file = {{Chem Rev 1994 Tomasi.pdf:/Users/luca/Papers2/Articles/1994/Tomasi/Chem Rev 1994 Tomasi.pdf:application/pdf;Chem Rev 1994 Tomasi.pdf:/Users/luca/Papers2/Articles/1994/Tomasi/Chem Rev 1994 Tomasi.pdf:application/pdf}},
uri = {\url{papers2://publication/doi/10.1021/cr00031a013}}
}

@article{Jensen:2013cr,
author = {Jensen, Frank},
title = {{Atomic orbital basis sets}},
journal = {WIREs Comput Mol Sci},
year = {2013},
volume = {3},
number = {3},
pages = {273--295},
publisher = {John Wiley {\&} Sons, Inc.},
doi = {10.1002/wcms.1123},
language = {English},
read = {Yes},
rating = {0},
date-added = {2017-02-17T16:06:45GMT},
date-modified = {2017-02-20T08:32:39GMT},
abstract = {Abstract Electronic structure methods for molecular systems rely heavily on using basis sets composed of Gaussian functions for representing the molecular orbitals. A number of hierarchical basis sets have been proposed over the last two decades, and they have
},
url = {http://onlinelibrary.wiley.com/doi/10.1002/wcms.1123/full},
local-url = {file://localhost/Users/luca/Papers2/Articles/2013/Jensen/WIREs%20Comput%20Mol%20Sci%202013%20Jensen.pdf},
file = {{WIREs Comput Mol Sci 2013 Jensen.pdf:/Users/luca/Papers2/Articles/2013/Jensen/WIREs Comput Mol Sci 2013 Jensen.pdf:application/pdf}},
uri = {\url{papers2://publication/doi/10.1002/wcms.1123}}
}

@article{Cances:1998vh,
author = {Cances, E and Mennucci, B},
title = {{New applications of integral equations methods for solvation continuum models: ionic solutions and liquid crystals}},
journal = {J Math Chem},
year = {1998},
volume = {23},
number = {3-4},
pages = {309--326},
affiliation = {Ecole Natl Ponts {\&} Chaussees, CERMICS, F-77455 Marne La Vallee 2, France},
language = {English},
read = {Yes},
rating = {0},
date-added = {2010-09-28T13:35:59GMT},
date-modified = {2017-03-10T09:58:39GMT},
abstract = {We present a new method for solving numerically the equations associated with solvation continuum models, which also works when the solvent is an anisotropic dielectric or an ionic solution. This method is based on the integral equation formalism, Its theoretical background is set up and some numerical results for simple systems are given. This method is much more effective than three-dimensional methods used so far, like finite elements or finite differences, in terms of both numerical accuracy and computational costs.},
url = {http://apps.isiknowledge.com/InboundService.do?product=WOS&action=retrieve&SrcApp=Papers&UT=000075228900004&SID=X19CblMGb6DmmOBJdDG&SrcAuth=mekentosj&mode=FullRecord&customersID=mekentosj&DestFail=http%3A%2F%2Faccess.isiproducts.com%2Fcustom_images%2Fwok_failed_auth.html},
local-url = {file://localhost/Users/luca/Papers2/Articles/1998/Cances/J%20Math%20Chem%201998%20Cances.pdf},
file = {{J Math Chem 1998 Cances.pdf:/Users/luca/Papers2/Articles/1998/Cances/J Math Chem 1998 Cances.pdf:application/pdf}},
uri = {\url{papers2://publication/uuid/217D3FB5-AA15-4440-BECB-93EBC9A77A0E}}
}

@article{Frediani:2013,
author = { Luca   Frediani  and  Eirik   Fossgaard  and  Tor   Flå  and  Kenneth   Ruud },
title = {Fully adaptive algorithms for multivariate integral equations using the non-standard form and multiwavelets with applications to the Poisson and bound-state Helmholtz kernels in three dimensions},
journal = {Molecular Physics},
volume = {111},
number = {9-11},
pages = {1143-1160},
year  = {2013},
publisher = {Taylor & Francis},
doi = {10.1080/00268976.2013.810793},

URL = {
        https://doi.org/10.1080/00268976.2013.810793

},
eprint = {
        https://doi.org/10.1080/00268976.2013.810793

}

}

@inproceedings{Beylkin1999AdaptiveSO,
  title={Adaptive Solution of Partial Differential Equations in Multiwavelet Bases},
  author={Gregory Beylkin and D J Gines and Lev Vozovoi},
  year={1999}
}

@BOOK{Jensen:2017,
  TITLE = {Introduction to Computational Chemistry},
  EDITION = 3,
  AUTHOR = {Frank Jensen},
  YEAR = {2017},
  PUBLISHER = {Wiley},
}

@book{Koch:2001dn,
author = {Koch, Wolfram and Holthausen, Max C},
title = {{A Chemist's Guide to Density Functional Theory}},
publisher = {Wiley-VCH Verlag GmbH},
year = {2001},
address = {Weinheim, FRG},
month = jul,
doi = {10.1002/3527600043},
isbn = {3527600043},
rating = {0},
date-added = {2018-10-04T10:10:56GMT},
date-modified = {2018-10-04T10:11:28GMT},
url = {http://doi.wiley.com/10.1002/3527600043},
local-url = {file://localhost/Users/luca/Papers2/Books/2001/Koch/2001%20Koch.pdf},
file = {{2001 Koch.pdf:/Users/luca/Papers2/Books/2001/Koch/2001 Koch.pdf:application/pdf}},
uri = {\url{papers2://publication/doi/10.1002/3527600043}}
}

@book{parr1994density,
  title={Density-functional theory of atoms and molecules},
  author={Parr, R.G. and Yang, W.},
  isbn={9780195092769},
  lccn={lc88025157},
  series={International series of monographs on chemistry},
  url={http://books.google.no/books?id=mGOpScSIwU4C},
  year={1994},
  publisher={Oxford University Press}
}
